@article{omrani2015predicting,
  title={Predicting travel mode of individuals by machine learning},
  author={Omrani, Hichem},
  journal={Transportation Research Procedia},
  volume={10},
  pages={840--849},
  year={2015},
  publisher={Elsevier}
}

@inproceedings{moons2007nonlinear,
  title={Nonlinear models for determining mode choice},
  author={Moons, Elke and Wets, Geert and Aerts, Marc},
  booktitle={Portuguese Conference on Artificial Intelligence},
  pages={183--194},
  year={2007},
  organization={Springer}
}

@article{zhang2008travel,
  title={Travel mode choice modeling with support vector machines},
  author={Zhang, Yunlong and Xie, Yuanchang},
  journal={Transportation Research Record: Journal of the Transportation Research Board},
  number={2076},
  pages={141--150},
  year={2008},
  publisher={Transportation Research Board of the National Academies}
}

@article{sun2017route,
  title={Route choice modeling with Support Vector Machine},
  author={Sun, Bingrong and Park, Byungkyu Brian},
  journal={Transportation Research Procedia},
  volume={25},
  pages={1806--1814},
  year={2017},
  publisher={Elsevier}
}

@article{cantarella2005multilayer,
  title={Multilayer feedforward networks for transportation mode choice analysis: An analysis and a comparison with random utility models},
  author={Cantarella, Giulio Erberto and de Luca, Stefano},
  journal={Transportation Research Part C: Emerging Technologies},
  volume={13},
  number={2},
  pages={121--155},
  year={2005},
  publisher={Elsevier}
}

@article{li2016cluster,
  title={Cluster-based logistic regression model for holiday travel mode choice},
  author={Li, Juan and Weng, Jinxian and Shao, Chunfu and Guo, Hongwei},
  journal={Procedia Engineering},
  volume={137},
  pages={729--737},
  year={2016},
  publisher={Elsevier}
}

@article{hensher2000comparison,
  title={A comparison of the predictive potential of artificial neural networks and nested logit models for commuter mode choice},
  author={Hensher, David A and Ton, Tu T},
  journal={Transportation Research Part E: Logistics and Transportation Review},
  volume={36},
  number={3},
  pages={155--172},
  year={2000},
  publisher={Elsevier}
}

@article{karlaftis2011statistical,
  title={Statistical methods versus neural networks in transportation research: Differences, similarities and some insights},
  author={Karlaftis, Matthew G and Vlahogianni, Eleni I},
  journal={Transportation Research Part C: Emerging Technologies},
  volume={19},
  number={3},
  pages={387--399},
  year={2011},
  publisher={Elsevier}
}

@article{sheppard2017modeling,
  title={Modeling plug-in electric vehicle charging demand with BEAM},
  author={Sheppard, Colin and Waraich, Rashid and Campbell, Andrew and Pozdnukhov, Alexei and Gopal, Anand},
  year={2017}
}

@book{horni2016multi,
  title={The multi-agent transport simulation MATSim},
  author={Horni, Andreas and Nagel, Kai and Axhausen, Kay W},
  year={2016},
  publisher={Ubiquity Press London}
}

@article{koppelman2006self,
  title={A self instructing course in mode choice modeling: multinomial and nested logit models},
  author={Koppelman, Frank S and Bhat, Chandra},
  year={2006},
  publisher={FTA}
}

@article{xie2003work,
  title={Work travel mode choice modeling with data mining: decision trees and neural networks},
  author={Xie, Chi and Lu, Jinyang and Parkany, Emily},
  journal={Transportation Research Record: Journal of the Transportation Research Board},
  number={1854},
  pages={50--61},
  year={2003},
  publisher={Transportation Research Board of the National Academies}
}

@article{vythoulkas2003modeling,
  title={Modeling discrete choice behavior using concepts from fuzzy set theory, approximate reasoning and neural networks},
  author={Vythoulkas, Petros C and Koutsopoulos, Haris N},
  journal={Transportation Research Part C: Emerging Technologies},
  volume={11},
  number={1},
  pages={51--73},
  year={2003},
  publisher={Elsevier}
}

@article{hagenauer2017comparative,
  title={A comparative study of machine learning classifiers for modeling travel mode choice},
  author={Hagenauer, Julian and Helbich, Marco},
  journal={Expert Systems with Applications},
  volume={78},
  pages={273--282},
  year={2017},
  publisher={Elsevier}
}

@article{mohammadian2002nested,
  title={Nested logit models and artificial neural networks for predicting household automobile choices: comparison of performance},
  author={Mohammadian, Abolfazl and Miller, Eric},
  journal={Transportation Research Record: Journal of the Transportation Research Board},
  number={1807},
  pages={92--100},
  year={2002},
  publisher={Transportation Research Board of the National Academies}
}

@article{park2007learning,
  title={Learning user preferences of route choice behaviour for adaptive route guidance},
  author={Park, K and Bell, M and Kaparias, Ioannis and Bogenberger, K},
  journal={IET Intelligent Transport Systems},
  volume={1},
  number={2},
  pages={159--166},
  year={2007},
  publisher={IET}
}

@article{wets2000identifying,
  title={Identifying decision structures underlying activity patterns: an exploration of data mining algorithms},
  author={Wets, Geert and Vanhoof, Koen and Arentze, Theo and Timmermans, Harry},
  journal={Transportation Research Record: Journal of the Transportation Research Board},
  number={1718},
  pages={1--9},
  year={2000},
  publisher={Transportation Research Board of the National Academies}
}

@article{allahviranloo2013daily,
  title={Daily activity pattern recognition by using support vector machines with multiple classes},
  author={Allahviranloo, Mahdieh and Recker, Will},
  journal={Transportation Research Part B: Methodological},
  volume={58},
  pages={16--43},
  year={2013},
  publisher={Elsevier}
}

@article{clark2009determinants,
  title={The determinants of car ownership in England and Wales from anonymous 2001 census data},
  author={Clark, Stephen D},
  journal={Transportation research part C: emerging technologies},
  volume={17},
  number={5},
  pages={526--540},
  year={2009},
  publisher={Elsevier}
}

@article{jong2004comparison,
  title={Comparison of car ownership models},
  author={Jong, Gerard De and Fox, James and Daly, Andrew and Pieters, Marits and Smit, Remko},
  journal={Transport Reviews},
  volume={24},
  number={4},
  pages={379--408},
  year={2004},
  publisher={Taylor \& Francis}
}

@inproceedings{louppe2013understanding,
  title={Understanding variable importances in forests of randomized trees},
  author={Louppe, Gilles and Wehenkel, Louis and Sutera, Antonio and Geurts, Pierre},
  booktitle={Advances in neural information processing systems},
  pages={431--439},
  year={2013}
}

@article{berkson1944application,
  title={Application of the logistic function to bio-assay},
  author={Berkson, Joseph},
  journal={Journal of the American Statistical Association},
  volume={39},
  number={227},
  pages={357--365},
  year={1944},
  publisher={Taylor \& Francis}
}

@article{mcfadden1978modeling,
  title={Modeling the choice of residential location},
  author={McFadden, Daniel},
  journal={Transportation Research Record},
  number={673},
  year={1978}
}

@article{quinlan1986induction,
  title={Induction of decision trees},
  author={Quinlan, J. Ross},
  journal={Machine learning},
  volume={1},
  number={1},
  pages={81--106},
  year={1986},
  publisher={Springer}
}

@inproceedings{ho1995random,
  title={Random decision forests},
  author={Ho, Tin Kam},
  booktitle={Document analysis and recognition, 1995., proceedings of the third international conference on},
  volume={1},
  pages={278--282},
  year={1995},
  organization={IEEE}
}

@book{breiman1984classification,
  address = {Monterey, CA},
  author = {Breiman, L. and Friedman, J. H. and Olshen, R. A. and Stone, C. J.},
  publisher = {Wadsworth and Brooks},
  serial = {bre84a},
  timestamp = {2016-11-26T13:20:49.000+0100},
  title = {Classification and Regression Trees},
  year = 1984
}

@inproceedings{boser1992training,
  title={A training algorithm for optimal margin classifiers},
  author={Boser, Bernhard E and Guyon, Isabelle M and Vapnik, Vladimir N},
  booktitle={Proceedings of the fifth annual workshop on Computational learning theory},
  pages={144--152},
  year={1992},
  organization={ACM}
}

@article{stone1974cross,
  title={Cross-validatory choice and assessment of statistical predictions},
  author={Stone, Mervyn},
  journal={Journal of the royal statistical society. Series B (Methodological)},
  pages={111--147},
  year={1974},
  publisher={JSTOR}
}

@inproceedings{snoek2012practical,
  title={Practical bayesian optimization of machine learning algorithms},
  author={Snoek, Jasper and Larochelle, Hugo and Adams, Ryan P},
  booktitle={Advances in neural information processing systems},
  pages={2951--2959},
  year={2012}
}

@article{scikit-learn,
 title={Scikit-learn: Machine Learning in {P}ython},
 author={Pedregosa, F. and Varoquaux, G. and Gramfort, A. and Michel, V.
         and Thirion, B. and Grisel, O. and Blondel, M. and Prettenhofer, P.
         and Weiss, R. and Dubourg, V. and Vanderplas, J. and Passos, A. and
         Cournapeau, D. and Brucher, M. and Perrot, M. and Duchesnay, E.},
 journal={Journal of Machine Learning Research},
 volume={12},
 pages={2825--2830},
 year={2011}
}

@techreport{rumelhart1985learning,
  title={Learning internal representations by error propagation},
  author={Rumelhart, David E and Hinton, Geoffrey E and Williams, Ronald J},
  year={1985},
  institution={California Univ San Diego La Jolla Inst for Cognitive Science}
}

@article{breiman2001random,
  title={Random forests},
  author={Breiman, Leo},
  journal={Machine learning},
  volume={45},
  number={1},
  pages={5--32},
  year={2001},
  publisher={Springer}
}

@inproceedings{pinjari2008cemdap,
  title={Cemdap: Modeling and microsimulation frameworks, software development, and verification},
  author={Pinjari, Abdul and Eluru, Naveen and Srinivasan, Sivaramakrishnan and Guo, Jessica Y and Copperman, Rachel B and Sener, Ipek N and Bhat, Chandra R},
  booktitle={Proceedings of the Transportation Research Board 87th Annual Meeting, Washington DC},
  year={2008}
}

@article{bliss1934method,
  title={The Method of Probits},
  author={Bliss, CI},
  journal={Science (New York, NY)},
  volume={79},
  number={2037},
  pages={38--39},
  year={1934}
}

@inproceedings{frank2001simple,
  title={A simple approach to ordinal classification},
  author={Frank, Eibe and Hall, Mark},
  booktitle={European Conference on Machine Learning},
  pages={145--156},
  year={2001},
  organization={Springer}
}

@article{bhat1998comparison,
  title={A comparison of two alternative behavioral choice mechanisms for household auto ownership decisions},
  author={Bhat, Chandra R and Pulugurta, Vamsi},
  journal={Transportation Research Part B: Methodological},
  volume={32},
  number={1},
  pages={61--75},
  year={1998},
  publisher={Elsevier}
}

@misc{nhts2017,
  journal={U.S. Department of Transportation},
  title = {2017 National Household Travel Survey},
  howpublished = {\url{https://nhts.ornl.gov}},
  note = {Accessed: 2018-07-26},
  year={2017}
}

@article{fisher1936use,
  title={The use of multiple measurements in taxonomic problems},
  author={Fisher, Ronald A},
  journal={Annals of eugenics},
  volume={7},
  number={2},
  pages={179--188},
  year={1936},
  publisher={Wiley Online Library}
}

@article{meng2012classification,
  title={Classification and regression tree approach for predicting drivers’ merging behavior in short-term work zone merging areas},
  author={Meng, Qiang and Weng, Jinxian},
  journal={Journal of Transportation Engineering},
  volume={138},
  number={8},
  pages={1062--1070},
  year={2012},
  publisher={American Society of Civil Engineers}
}

@inproceedings{hou2017road,
  title={Road network state estimation using random forest ensemble learning},
  author={Hou, Yi and Edara, Praveen and Chang, Yohan},
  booktitle={Intelligent Transportation Systems (ITSC), 2017 IEEE 20th International Conference on},
  pages={1--6},
  year={2017},
  organization={IEEE}
}

@article{ma2015large,
  title={Large-scale transportation network congestion evolution prediction using deep learning theory},
  author={Ma, Xiaolei and Yu, Haiyang and Wang, Yunpeng and Wang, Yinhai},
  journal={PloS one},
  volume={10},
  number={3},
  pages={e0119044},
  year={2015},
  publisher={Public Library of Science}
}

@techreport{hou2018network,
  title={Network Scale Ubiquitous Volume Estimation Using Tree-Based Ensemble Learning Methods},
  author={Hou, Yi and Young, Stanley E and Dimri, Anuj and Cohn, Nicholas},
  year={2018},
  journal={Transportation Research Board 97th Annual Meeting}
}

@article{brijs2007bayesian,
  title={A Bayesian model for ranking hazardous road sites},
  author={Brijs, Tom and Karlis, Dimitris and Van den Bossche, Filip and Wets, Geert},
  journal={Journal of the Royal Statistical Society: Series A (Statistics in Society)},
  volume={170},
  number={4},
  pages={1001--1017},
  year={2007},
  publisher={Wiley Online Library}
}

@article{miranda2007bayesian,
  title={Bayesian multiple testing procedures for hotspot identification},
  author={Miranda-Moreno, Luis F and Labbe, Aur{\'e}lie and Fu, Liping},
  journal={Accident Analysis \& Prevention},
  volume={39},
  number={6},
  pages={1192--1201},
  year={2007},
  publisher={Elsevier}
}

@article{ruschendorf1985wasserstein,
  title={The Wasserstein distance and approximation theorems},
  author={R{\"u}schendorf, Ludger},
  journal={Probability Theory and Related Fields},
  volume={70},
  number={1},
  pages={117--129},
  year={1985},
  publisher={Springer}
}